@IEEEtranBSTCTL{IEEEexample:BSTcontrol,
CTLuse_forced_etal       = "yes",
CTLmax_names_forced_etal = "3",
CTLnames_show_etal       = "2"
}
@online{jetbrains2023,
author = {{JetBrains s.r.o.}},
title = {The State of Developer Ecosystem in 2023 Infographic},
subtitle = {JavaScript Programming},
urldate = {2024-11-28},
year = {2024},
url = {https://www.jetbrains.com/lp/devecosystem-2023/javascript/}
}
@online{joi,
author = {{hapi.js}},
title = {joi},
urldate = {2024-11-28},
year = {2024},
url = {https://github.com/hapijs/joi}
}
@online{zod,
author = {{Colin McDonnell}},
title = {zod},
urldate = {2024-11-28},
year = {2024},
url = {https://github.com/colinhacks/zod}
}
@online{antlr,
author = {{Terence Parr}},
title = {ANTLR},
urldate = {2024-12-28},
year = {2024},
url = {https://www.antlr.org}
}
@online{wiki:singlestatic,
author = {{Wikipedia}},
title = {Static single-assignment form},
urldate = {2024-12-29},
year = {2024},
url = {https://en.wikipedia.org/wiki/Static_single-assignment_form}
}
@online{wiki:threeaddress,
author = {{Wikipedia}},
title = {Three-address code},
urldate = {2024-12-29},
year = {2024},
url = {https://en.wikipedia.org/wiki/Three-address_code}
}
@online{gcc:gimpletuples,
author = {{Free Software Foundation}},
title = {Analysis and Optimization of GIMPLE tuples},
urldate = {2024-12-29},
year = {2024},
url = {https://gcc.gnu.org/onlinedocs/gccint/Tree-SSA.html}
}
@online{webassembly,
author = {{WebAssembly Project Team}},
title = {{WebAssembly - WASM}},
urldate = {2025-02-21},
year = {2025},
url = {https://webassembly.org}
}
@online{wasmer,
author = {{Wasmer Project Team}},
title = {wasmer},
urldate = {2025-02-21},
year = {2025},
url = {https://wasmer.io/}
}
